@Manual{R-base,
  title = {R: A Language and Environment for Statistical
           Computing},
  author = {{R Core Team}},
  organization = {R Foundation for Statistical Computing},
  address = {Vienna, Austria},
  year = {2019},
  url = {https://www.R-project.org},
}

@Book{rmarkdown2020,
  title = {R Markdown Cookbook},
  author = {Yihui Xie and Christophe Dervieux and Emily
    Riederer},
  publisher = {Chapman and Hall/CRC},
  address = {Boca Raton, Florida},
  year = {2020},
  note = {ISBN 9780367563837},
  url = {https://bookdown.org/yihui/rmarkdown-cookbook},
}

@Book{RNEP,
  title = {Redes de Neuronas Artificiales Un Enfoque Práctico},
  author = {Pedro Isasi Viñuela and Inés M. Galván León},
  publisher = {PEARSON EDUCACIÓN S.A.},
  address = {España, Madrid},
  year = {2004},
  note = {ISBN 8420540250},
}