@Book{RNEP,
  title = {Redes De Neuronas Artificiales Un Enfoque Práctico},
  author = {Pedro Isasi Viñuela and Inés M. Galván León},
  publisher = {Pearson Educación S.A.},
  address = {España, Madrid},
  year = {2004}
}

@Book{IALAT,
  title = {Inteligencia artificial},
  author = {Julio Cesar Ponce Gallegos, Aurora Torres Soto, Fátima Sayuri Quezada Aguilera},
  publisher = {Iniciativa Latinoamericana de Libros de Texto Abiertos},
  year = {2014}
}

@Book{IAUEM,
  title = {Inteligencia Artificial Un Enfoque Moderno},
  author = {Stuart Russell, Peter Norvig},
  publisher = {Pearson Educación S.A.},
  address = {España, Madrid},
  year = {2004}
}

@Book{IIOF,
  title = {Redes De Neuronas Y Deep Learning},
  author = {Fernando Berzal},
  publisher = {Pearson Educación S.A.},
  address = {Granada},
  year = {2018}
}

@book{BOLVIAIA,
author = {Velarde, Gissel},
year = {2020},
month = {03},
pages = {},
title = {Una estrategia 4.0 de inteligencia artificial en Bolivia},
isbn = {978-9917-0-0333-5}
}

@Book{FC,
  title = {Finanzas Corporativas},
  author = {Stephen A. Ross, Randolph W. Westerfield, Jeffrey F. Jaffe},
  publisher = {McGraw-Hill Educación},
  address = {México, D.F.},
  year = {2012}
}

@Book{PDAF,
  title = {Principios De Administración Financiera},
  author = {Lawrence J. Gitman, Chad J. Zutter},
  publisher = {Pearson Educación S.A.},
  address = {México, S.A. de C.V.},
  year = {2012}
}

@Book{FAF,
  title = {Fundamentos de Administración Financiera},
  author = {James C. Van Horne, John M. Wachowicz, Jr.},
  publisher = {Pearson Educación S.A.},
  address = {México, S.A. de C.V.},
  year = {2010}
}

@Book{RFE,
  title = {Riesgos financieros y económicos - Productos derivados y decisiones económicas},
  author = {Francisco Venegas Martínez},
  publisher = {Cengage Learning Editores},
  address = {México, D.F.},
  year = {2008}
}

@Book{FI,
  title = {Finanzas Internacionales},
  author = {Zbigniew Kozikowski Zarska},
  publisher = {McGraw-Hill Educación},
  address = {México, D.F.},
  year = {2013}
}
