@Manual{MANUAL_CUENTAS_ASFI,
  title = {Manual de cuentas para entidades financieras},
  author = {{Autoridad de Supervisión del Sistema Financiero}},
  address = {La paz, Bolivia},
  year = {2022},
}

@Manual{GLOSARIO_ASFI,
  title = {Glosario de términos económicos financieros},
  author = {{Autoridad de Supervisión del Sistema Financiero}},
  address = {La paz, Bolivia},
  year = {2022},
}

@Manual{ASFI393,
title = {Ley 393 de Servicios Financieros},
author = {{La asamblea legislativa plurinacional de Bolivia}},
address = {La paz, Bolivia},
year = {2013},
}