@online{ECONOMIPEDIA-INDICADORES-FINANCIEROS,
  author = {Rus Arias, Enrique},
  title = {{Ratios Financieros}},
  year = 2020,
  url = {https://economipedia.com/definiciones/ratios-financieros.html},
  urldate = {2023-10-03}
}

@online{CALIFICACION-CAMEL,
  author = {Alpiry Hurtado, Grabiel},
  title = {{Calificaci√≥n CAMEL}},
  year = 2021,
  url = {https://www.youtube.com/watch?v=puc5f3X1lHw},
  urldate = {2023-04-03}
}

@online{RATIOS-CAMEL,
  author = {Alpiry Hurtado, Grabiel},
  title = {{Ratios CAMEL}},
  year = 2021,
  url = {https://youtu.be/xOJPVGff8jA?si=H3OKByO5JLIBLpNB},
  urldate = {2023-04-03}
}

@online{TENDENCIAS-CAMEL,
  author = {Alpiry Hurtado, Grabiel},
  title = {{Tendencias CAMEL}},
  year = 2021,
  url = {https://youtu.be/fRoDkIvmk6I?si=QA14mKBmvvNxEW7i},
  urldate = {2023-04-03}
}

@online{PONDERACION-CAMEL,
  author = {ECONOMY},
  title = {{Ranking CAMEL de BANCOS 2022}},
  year = 2022,
  url = {https://www.calameo.com/read/0068895646889569957c6},
  urldate = {2023-04-03}
}