@Manual{MANUAL_CUENTAS_ASFI,
  title = {Manual de cuentas para entidades financieras},
  author = {{Autoridad de Supervisión del Sistema Financiero}},
  address = {La paz, Bolivia},
  year = {2022},
}

@Manual{GLOSARIO_ASFI,
  title = {Glosario de términos económicos financieros},
  author = {{Autoridad de Supervisión del Sistema Financiero}},
  address = {La paz, Bolivia},
  year = {2022},
}

@Manual{ASFI393,
title = {Ley 393 de Servicios Financieros},
author = {{La asamblea legislativa plurinacional de Bolivia}},
address = {La paz, Bolivia},
year = {2013},
}

@Manual{R-forecast,
  title = {forecast: Forecasting Functions for Time Series and Linear Models},
  author = {Rob Hyndman and George Athanasopoulos and Christoph Bergmeir and Gabriel Caceres and Leanne Chhay and Kirill Kuroptev and Mitchell O'Hara-Wild and Fotios Petropoulos and Slava Razbash and Earo Wang and Farah Yasmeen},
  year = {2023},
  note = {R package version 8.21},
  url = {https://CRAN.R-project.org/package=forecast},
}